<?xml version="1.0" encoding="UTF-8"?>
<SOAP-ENV:Envelope xmlns:SOAP-ENV="http://schemas.xmlsoap.org/soap/envelope/" xmlns:of="http://oss.dbc.dk/ns/openformat" xmlns:ofo="http://oss.dbc.dk/ns/openformatoutput"><SOAP-ENV:Body><of:formatResponse><marc21><mx:record xmlns:mx="http://www.loc.gov/MARC21/slim" format="MARC21" type="Bibliographic"><mx:leader>00000nam a22000000c 4500</mx:leader><mx:controlfield tag="008">910423s1991    dk |||||      00||| dan|d</mx:controlfield><mx:datafield ind1=" " ind2=" " tag="020"><mx:subfield code="a">8741859332 (hf.)</mx:subfield><mx:subfield code="c">kr. 148,00</mx:subfield></mx:datafield><mx:datafield ind1="1" ind2=" " tag="029"><mx:subfield code="a">DKDLA</mx:subfield><mx:subfield code="b">870970-basis:07197195</mx:subfield></mx:datafield><mx:datafield ind1=" " ind2=" " tag="040"><mx:subfield code="a">DKDLA</mx:subfield><mx:subfield code="b">dan</mx:subfield><mx:subfield code="c">DKDLA</mx:subfield></mx:datafield><mx:datafield ind1=" " ind2=" " tag="084"><mx:subfield code="a">65.87</mx:subfield><mx:subfield code="2">z</mx:subfield></mx:datafield><mx:datafield ind1="1" ind2=" " tag="100"><mx:subfield code="a">Rude, Jeppe</mx:subfield></mx:datafield><mx:datafield ind1="1" ind2="0" tag="245"><mx:subfield code="a">ISDN-bogen/</mx:subfield><mx:subfield code="c">Jeppe Rude</mx:subfield></mx:datafield><mx:datafield ind1=" " ind2=" " tag="250"><mx:subfield code="a">1. udgave, 1. oplag</mx:subfield></mx:datafield><mx:datafield ind1=" " ind2=" " tag="260"><mx:subfield code="a">Valby :</mx:subfield><mx:subfield code="b">Borgen,</mx:subfield><mx:subfield code="c">1991</mx:subfield></mx:datafield><mx:datafield ind1=" " ind2=" " tag="300"><mx:subfield code="a">112 sider :</mx:subfield><mx:subfield code="b">ill.</mx:subfield></mx:datafield><mx:datafield ind1="1" ind2=" " tag="490"><mx:subfield code="a">Borgen/data</mx:subfield></mx:datafield><mx:datafield ind1=" " ind2="0" tag="830"><mx:subfield code="a">Borgen/data</mx:subfield></mx:datafield><mx:datafield ind1=" " ind2=" " tag="901"><mx:subfield code="a">384</mx:subfield></mx:datafield></mx:record><hs activity="insert">DKDLA</hs><hs activity="insert">DKB</hs></marc21></of:formatResponse></SOAP-ENV:Body></SOAP-ENV:Envelope>
